%% This BibTeX bibliography file was created using BibDesk.
%% http://bibdesk.sourceforge.net/


%% Created for Lauro Cesar Araujo at 2013-08-21 10:57:09 -0300 


%% Saved with string encoding Unicode (UTF-8) 

@book{reluDLBook,
  author         = {Ian Goodfellow and Yoshua Bengio and Aaron Courville},
  publisher      = {MIT press},
  title          = {Deep Learning},
  year           = {2016},
  address       = {Cambridge, Massachusetts, Estados Unidos da América},
}

@article{multilayerPerceptronArticle,
title = {Artificial neural networks (the multilayer perceptron)—a review of applications in the atmospheric sciences},
journal = {Atmospheric Environment},
volume = {32},
number = {14},
pages = {2627-2636},
year = {1998},
issn = {1352-2310},
url = {https://doi.org/10.1016/S1352-2310(97)00447-0},
author = {M.W Gardner and S.R Dorling},
keywords = {Statistical modelling, neural network, backpropagation, artificial intelligence},
abstract = {Artificial neural networks are appearing as useful alternatives to traditional statistical modelling techniques in many scientific disciplines. This paper presents a general introduction and discussion of recent applications of the multilayer perceptron, one type of artificial neural network, in the atmospheric sciences.}
}

@article{detailTrainingArticle,
  author={Battiti, Roberto},
  journal={Neural Computation}, 
  title={First- and Second-Order Methods for Learning: Between Steepest Descent and Newton's Method}, 
  year={1992},
  volume={4},
  number={2},
  pages={141-166},
  url={https://doi.org/10.1162/neco.1992.4.2.141}}

@misc{devarakonda2018adabatch,
      title={AdaBatch: Adaptive Batch Sizes for Training Deep Neural Networks}, 
      author={Aditya Devarakonda and Maxim Naumov and Michael Garland},
      year={2018},
      eprint={1712.02029},
      archivePrefix={arXiv},
      primaryClass={cs.LG}
}

@book{DLBook,
  author         = {Ian Goodfellow, Yoshua Bengio, Aaron Courville},
  publisher      = {MIT press},
  title          = {Deep Learning},
  year           = {2016},
  address       = {Cambridge, Massachusetts, Estados Unidos da América},
}

@book{DLwithPythonBook,
  author         = {François Chollet},
  publisher      = {Manning Publications Co.},
  title          = {Deep Learning with Python},
  year           = {2018},
  edition        = {1},
  address       = {Nova York, Estados Unidos da América},

}

@book{introToProperties,
  author         = {Michael F. Ashby and David R. H. Jones},
  editor         = {Butterworth-Heinemann},
  publisher      = {Elsevier},
  title          = {Engineering Materials 1: An Introduction to Properties, Applications, and Design},
  year           = {2012},
  edition        = {4},
  address = {Waltham, Massachussetts, Estados Unidos da América}
}

@INPROCEEDINGS{9806734,
  author={Kim, Seongsoo and Wimmer, Hayden and Kim, Jongyeop},
  booktitle={2022 IEEE/ACIS 20th International Conference on Software Engineering Research, Management and Applications (SERA)}, 
  title={Analysis of Deep Learning Libraries: Keras, PyTorch and MXnet}, 
  year={2022},
  volume={},
  number={},
  pages={54-62},
  url={https://doi.org/10.1109/SERA54885.2022.9806734},
  local={Las Vegas, Estados Unidos da América}
  
  }

@article{SwiftIndentationAIArticle,
title = {Novel deep learning approach for practical applications of indentation},
journal = {Materials Today Advances},
volume = {13},
pages = {100207},
year = {2022},
issn = {2590-0498},
url = {https://doi.org/10.1016/j.mtadv.2022.100207},
author = {Yongju Kim and Gang Hee Gu and Peyman Asghari-Rad and Jaebum Noh and Junsuk Rho and Min Hong Seo and Hyoung Seop Kim},
}

@mastersthesis{nicolosi,
  author  = {Eduardo Ribeiro Nicolosi},
  school  = {Universidade Federal de Uberlândia},
  title   = {Avaliação de métodos analíticos para determinação de propriedades mecânicas de aços via ensaio de macroindentação instrumentada},
  year    = {2015}
}

@article{historyofindentation,
  title = {Historical origins of indentation hardness testing},
  volume = {28},
  ISSN = {1743-2847},
  url = {https://doi.org/10.1179/1743284711Y.0000000127},
  number = {9,10},
  journal = {Materials Science and Technology},
  publisher = {Informa UK Limited},
  author = {Walley,  S. M.},
  year = {2012},
  month = {oct},
  pages = {1028-1044}
}

@article{Mohan2021,
  title = {Critical Evaluation of Spherical Indentation Stress-Strain Protocols for the Estimation of the Yield Strengths of Steels},
  volume = {61},
  ISSN = {1741-2765},
  url = {https://doi.org/10.1007/s11340-021-00689-7},
  number = {4},
  journal = {Experimental Mechanics},
  publisher = {Springer Science and Business Media LLC},
  author = {Mohan,  S. and Millan-Espitia,  N. and Yao,  M. and Steenberge,  N. V. and Kalidindi,  S. R.},
  year = {2021},
  month = {jan},
}

@article{VanLandingham2003,
  title = {Review of instrumented indentation},
  volume = {108},
  ISSN = {1044-677X},
  url = {https://doi.org/10.6028/jres.108.024},
  number = {4},
  journal = {Journal of Research of the National Institute of Standards and Technology},
  publisher = {National Institute of Standards and Technology (NIST)},
  author = {VanLandingham,  M.R.},
  year = {2003},
  month = {jul},
  pages = {249-265}
}

@article{GlassANNArticle,
title = {Determination of material properties of bulk metallic glass using nanoindentation and artificial neural network},
journal = {Intermetallics},
volume = {144},
pages = {107492},
year = {2022},
issn = {0966-9795},
url = {https://doi.org/10.1016/j.intermet.2022.107492},
author = {Soowan Park and João Henrique Fonseca and Karuppasamy Pandian Marimuthu and Chanyoung Jeong and Sihyung Lee and Hyungyil Lee},
keywords = {Bulk metallic glass, Nanoindentation, Free volume model, FEA, Latin hypercube, Artificial neural network}
}


@book{abaqus_manual,
title = "ABAQUS/Standard User's Manual, Version 6.9",
author = "Michael Smith",
year = "2009",
language = "English",
publisher = "Dassault Syst{\`e}mes Simulia Corp",
address = "Estados Unidos da América",
}

@article{Jeong2020,
  title = "Prediction of uniaxial tensile flow using finite element-based indentation and optimized artificial neural networks",
  volume = "196",
  issn = "0264-1275",
  url = "https://doi.org/10.1016/j.matdes.2020.109104",
  journal = "Materials and Design",
  author = "Jeong,  Kyeongjae and Lee,  Hyukjae and Kwon,  Oh Min and Jung,  Jinwook and Kwon,  Dongil and Han,  Heung Nam",
  year = "2020",
  month = "nov",
  pages = "109104"
}

@article{DEBONO2017162,
title = {A robust inverse analysis method to estimate the local tensile properties of heterogeneous materials from nano-indentation data},
journal = {International Journal of Mechanical Sciences},
volume = {123},
pages = {162-176},
year = {2017},
issn = {0020-7403},
url = {https://doi.org/10.1016/j.ijmecsci.2017.02.006},
author = {Damaso M. {De Bono} and Tyler London and Mark Baker and Mark J. Whiting},
keywords = {Inverse analysis, Nano-indentation, FEA, Objective function, Structural steel, Tensile properties, Multi-phase material, Composite material, Elastic-plastic constitutive behaviour},
}

@article{LHSMcKay1979,
  title = {A Comparison of Three Methods for Selecting Values of Input Variables in the Analysis of Output from a Computer Code},
  volume = {21},
  ISSN = {0040-1706},
  url = {https://doi.org/10.2307/1268522},
  number = {2},
  journal = {Technometrics},
  publisher = {JSTOR},
  author = {McKay,  M. D. and Beckman,  R. J. and Conover,  W. J.},
  year = {1979},
  month = may,
  pages = {239-245}
}

@article{Wu2021,
  title = {Prediction of the Charpy V-notch impact energy of low carbon steel using a shallow neural network and deep learning},
  volume = {28},
  ISSN = {1869-103X},
  url = {https://doi.org/10.1007/s12613-020-2168-z},
  number = {8},
  journal = {International Journal of Minerals,  Metallurgy and Materials},
  publisher = {Springer Science and Business Media LLC},
  author = {Wu,  Si-wei and Yang,  Jian and Cao,  Guang-ming},
  year = {2021},
  month = may,
  pages = {1309-1320}
}

@article{Schaffer1993,
  title = {Overfitting avoidance as bias},
  volume = {10},
  ISSN = {1573-0565},
  url = {https://doi.org/10.1007/bf00993504},
  number = {2},
  journal = {Machine Learning},
  publisher = {Springer Science and Business Media LLC},
  author = {Schaffer,  Cullen},
  year = {1993},
  month = feb,
  pages = {153-178}
}

@Inbook{Zhang2010,
author="Zhang, Xinhua",
editor="Sammut, Claude
and Webb, Geoffrey I.",
title="Regularization",
bookTitle="Encyclopedia of Machine Learning",
year="2010",
publisher="Springer US",
address="Boston, MA",
pages="845-849",
isbn="978-0-387-30164-8",
url="https://doi.org/10.1007/978-0-387-30164-8_712",
}

@misc{tensorflow2015-whitepaper,
title={ {TensorFlow}: Large-Scale Machine Learning on Heterogeneous Systems},
url={https://www.tensorflow.org/},
note={Software available from tensorflow.org},
author={
    Marti Abadi and
    Ashish Agarwal and
    Paul Barham and
    Eugene Brevdo and
    Zhifeng Chen and
    Craig Citro and
    Greg S. Corrado and
    Andy Davis and
    Jeffrey Dean and
    Matthieu Devin and
    Sanjay Ghemawat and
    Ian Goodfellow and
    Andrew Harp and
    Geoffrey Irving and
    Michael Isard and
    Yangqing Jia and
    Rafal Jozefowicz and
    Lukasz Kaiser and
    Manjunath Kudlur and
    Josh Levenberg and
    Dandelion Mane and
    Rajat Monga and
    Sherry Moore and
    Derek Murray and
    Chris Olah and
    Mike Schuster and
    Jonathon Shlens and
    Benoit Steiner and
    Ilya Sutskever and
    Kunal Talwar and
    Paul Tucker and
    Vincent Vanhoucke and
    Vijay Vasudevan and
    Fernanda Viegas and
    Oriol Vinyals and
    Pete Warden and
    Martin Wattenberg and
    Martin Wicke and
    Yuan Yu and
    Xiaoqiang Zheng},
  year={2015},
}


@article{he_normal,
author = {He, Kaiming and Zhang, Xiangyu and Ren, Shaoqing and Sun, Jian},
year = {2015},
month = {02},
pages = {1026-1034},
title = {Delving Deep into Rectifiers: Surpassing Human-Level Performance on ImageNet Classification},
volume = {1502},
journal = {IEEE International Conference on Computer Vision (ICCV 2015)},
url = {https://doi.org/10.1109/ICCV.2015.123}
}

@misc{ba2016layer,
      title={Layer Normalization}, 
      author={Jimmy Lei Ba and Jamie Ryan Kiros and Geoffrey E. Hinton},
      year={2016},
      eprint={1607.06450},
      archivePrefix={arXiv},
      primaryClass={stat.ML}
}

@article{Pharr2010,
  title = {The Indentation Size Effect: A Critical Examination of Experimental Observations and Mechanistic Interpretations},
  volume = {40},
  ISSN = {1545-4118},
  url = {https://doi.org/10.1146/annurev-matsci-070909-104456},
  number = {1},
  journal = {Annual Review of Materials Research},
  publisher = {Annual Reviews},
  author = {Pharr,  George M. and Herbert,  Erik G. and Gao,  Yanfei},
  year = {2010},
  month = jun,
  pages = {271-292}
}

@article{TAN20051639,
title = {Modeling analysis of the indentation-derived yield properties of metallic multilayered composites},
journal = {Composites Science and Technology},
volume = {65},
number = {11},
pages = {1639-1646},
year = {2005},
issn = {0266-3538},
url = {https://doi.org/10.1016/j.compscitech.2004.12.051},
author = {X.H. Tan and Y.L. Shen},
keywords = {Indentation, Hardness, Yield strength, Multilayered composites, Numerical modeling}
}

@book{tabor1951hardness,
  title={The Hardness of Metals},
  author={D. Tabor},
  isbn={9780598845153},
  lccn={51014639},
  series={Monographs on the physics and chemistry of materials},
  year={1951},
  publisher={Clarendon Press},
  address={Londres}
}

@article{Liu2014,
  title = {Determination of the plastic properties of materials treated by ultrasonic surface rolling process through instrumented indentation},
  volume = {600},
  ISSN = {0921-5093},
  url = {https://doi.org/10.1016/j.msea.2014.01.096},
  journal = {Materials Science and Engineering: A},
  publisher = {Elsevier BV},
  author = {Liu,  Yu and Zhao,  Xiaohui and Wang,  Dongpo},
  year = {2014},
  month = apr,
  pages = {21-31}
}

@article{MauvoisinBartierNayebiElAbdi,
title = {Determination of the Hardness Profile on Heat Treated Steels by Hole Drilling and Indentation Methods},
author = {G. Mauvoisin and O. Bartier and A. Nayebi and R. El Abdi},
pages = {437-456},
volume = {11},
number = {6},
journal = {Journal of the Mechanical Behavior of Materials},
url = {https://doi.org/10.1515/JMBM.2000.11.6.437},
year = {2000}
}

@article{CHEN20071618,
title = {On the uniqueness of measuring elastoplastic properties from indentation: The indistinguishable mystical materials},
journal = {Journal of the Mechanics and Physics of Solids},
volume = {55},
number = {8},
pages = {1618-1660},
year = {2007},
issn = {0022-5096},
url = {https://doi.org/10.1016/j.jmps.2007.01.010},
author = {Xi Chen and Nagahisa Ogasawara and Manhong Zhao and Norimasa Chiba},
keywords = {Indentation, Mechanical properties, Unique solution}
}

@article{CAMPBELL2018118,
title = {Experimental and computational issues for automated extraction of plasticity parameters from spherical indentation},
journal = {Mechanics of Materials},
volume = {124},
pages = {118-131},
year = {2018},
issn = {0167-6636},
url = {https://doi.org/10.1016/j.mechmat.2018.06.004},
author = {J.E. Campbell and R.P. Thompson and J. Dean and T.W. Clyne},
keywords = {Indentation, Plasticity, Constitutive law, Anisotropy, Friction}
}


@article{haggag1993situ,
author = {Haggag, F.},
year = {1993},
month = {01},
pages = {27-44},
title = {In situ measurement of mechanical properties using novel automated ball indentation system},
journal = {ASTM Special Technical Publication},
url = {https://doi.org/10.1520/STP12719S}
}

@article{LI2016182,
title = {Improvement of predicting mechanical properties from spherical indentation test},
journal = {International Journal of Mechanical Sciences},
volume = {117},
pages = {182-196},
year = {2016},
issn = {0020-7403},
url = {https://doi.org/10.1016/j.ijmecsci.2016.08.019},
author = {Yingzhi Li and Paul Stevens and Mingcheng Sun and Chaoqun Zhang and Wei Wang},
keywords = {Spherical indentation, Mechanical properties, Finite element analysis, Optimization}
}

@article{KIM200659,
title = {Quantitative determination of contact depth during spherical indentation of metallic materials—{A} {FEM} study},
journal = {Materials Science and Engineering: A},
volume = {415},
number = {1},
pages = {59-65},
year = {2006},
issn = {0921-5093},
url = {https://doi.org/10.1016/j.msea.2005.08.217},
author = {Sung Hoon Kim and Baik Woo Lee and Yeol Choi and Dongil Kwon},
keywords = {Continuous indentation, Spherical indenter, Contact depth, Elastic deflection, Plastic pile-up, Finite element analysis, Metallic materials}
}

@article{Bhattacharya1991,
  title = {Finite element analysis of cone indentation},
  volume = {27},
  ISSN = {0020-7683},
  url = {https://doi.org/10.1016/0020-7683(91)90100-t},
  number = {8},
  journal = {International Journal of Solids and Structures},
  publisher = {Elsevier BV},
  author = {Bhattacharya,  A.K. and Nix,  W.D.},
  year = {1991},
  pages = {1047-1058}
}

@article{Bhattacharya1988,
  title = {Finite element simulation of indentation experiments},
  volume = {24},
  ISSN = {0020-7683},
  url = {https://doi.org/10.1016/0020-7683(88)90039-x},
  number = {9},
  journal = {International Journal of Solids and Structures},
  publisher = {Elsevier BV},
  author = {Bhattacharya,  A.K. and Nix,  W.D.},
  year = {1988},
  pages = {881-891}
}

@article{Clyne2021,
  title = {Profilometry-Based Inverse Finite Element Method Indentation Plastometry},
  volume = {23},
  ISSN = {1527-2648},
  url = {https://doi.org/10.1002/adem.202100437},
  number = {9},
  journal = {Advanced Engineering Materials},
  publisher = {Wiley},
  author = {Clyne,  Trevor William and Campbell,  Jimmy Edward and Burley,  Max and Dean,  James},
  year = {2021},
  month = aug 
}

@article{Mukarati_2019,
url = {https://doi.org/10.1088/1757-899X/655/1/012008},
year = {2019},
month = {oct},
publisher = {IOP Publishing},
volume = {655},
ISSN = {1757-899X},
number = {1},
pages = {012008},
author = {T W Mukarati and R J Mostert and C W Siyasiya},
title = {Development of a mathematical equation describing the strain hardening behaviour of metastable {AISI} 301 austenitic stainless steel},
journal = {IOP Conference Series: Materials Science and Engineering}
}

@article{feng,
title = {A new instrumented spherical indentation test methodology to determine fracture toughness of high strength steels},
journal = {Theoretical and Applied Fracture Mechanics},
volume = {124},
pages = {103744},
year = {2023},
url = {https://doi.org/10.1016/j.tafmec.2022.103744},
author = {Feng Yu and Jian Fang and Daniel Omacht and Mingcheng Sun and Yingzhi Li},
keywords = {Instrumented spherical indentation test, Dimensional analysis, Finite element computation, Fracture toughness, Tensile properties, High strength steels},
}